<record><leader>00000cas a22000007a 4500</leader><controlfield tag="001">31030022</controlfield><controlfield tag="008">940830d19131914maudn ne      0    0eng d</controlfield><datafield ind1=" " ind2=" " tag="010"><subfield code="a">sn 94055821 </subfield></datafield><datafield ind1=" " ind2=" " tag="040"><subfield code="a">MGN</subfield><subfield code="b">eng</subfield><subfield code="c">MGN</subfield><subfield code="d">OCLCQ</subfield></datafield><datafield ind1=" " ind2=" " tag="042"><subfield code="a">msc</subfield></datafield><datafield ind1="0" ind2=" " tag="130"><subfield code="a">Haverhill herald (Haverhill, Mass.)</subfield></datafield><datafield ind1="1" ind2="4" tag="245"><subfield code="a">The Haverhill herald.</subfield></datafield><datafield ind1=" " ind2=" " tag="260"><subfield code="a">Haverhill, Mass. :</subfield><subfield code="b">Haverhill Pub. Co.</subfield></datafield><datafield ind1=" " ind2=" " tag="300"><subfield code="a">v.</subfield></datafield><datafield ind1=" " ind2=" " tag="310"><subfield code="a">Daily (except Sun.)</subfield></datafield><datafield ind1="1" ind2=" " tag="362"><subfield code="a">Began Nov. 17, 1913? Ceased in 1914.</subfield></datafield><datafield ind1=" " ind2=" " tag="588"><subfield code="a">Description based on: Vol. 1, no. 12 (Nov. 29, 1913).</subfield></datafield><datafield ind1=" " ind2=" " tag="752"><subfield code="a">United States</subfield><subfield code="b">Massachusetts</subfield><subfield code="c">Essex</subfield><subfield code="d">Haverhill.</subfield></datafield></record>